<?xml version="1.0" encoding="UTF-8"?><collection xmlns="http://www.loc.gov/MARC21/slim"><record><leader>00476nam--2200181-u-4500</leader><controlfield tag="001">000056068</controlfield><controlfield tag="002">20161230</controlfield><controlfield tag="005">20161230201052</controlfield><controlfield tag="008">141208s1000------------r-----000-0-rus-d</controlfield><datafield ind1=" " ind2=" " tag="040"><subfield code="a">IFIN-HH</subfield></datafield><datafield ind1=" " ind2=" " tag="041"><subfield code="a">rus</subfield></datafield><datafield ind1=" " ind2=" " tag="080"><subfield code="a">524.1/534.3</subfield></datafield><datafield ind1="1" ind2=" " tag="100"><subfield code="a">Lozinskaia, T.A</subfield></datafield><datafield ind1="1" ind2="0" tag="245"><subfield code="a">Sverhnovie zvezdi i zvezdhii veter vzaimodeistvie s gazom galaktiki</subfield><subfield code="c">T.a. lozinskaia</subfield></datafield><datafield ind1=" " ind2=" " tag="260"><subfield code="a">Moskva</subfield><subfield code="b">Nauka</subfield><subfield code="c">1986</subfield></datafield><datafield ind1=" " ind2=" " tag="300"><subfield code="a">304P</subfield></datafield><datafield ind1=" " ind2=" " tag="852"><subfield code="a">74180</subfield><subfield code="c">523</subfield></datafield><datafield ind1=" " ind2=" " tag="CAT"><subfield code="a">Sys</subfield><subfield code="c">20141208</subfield><subfield code="h">155929</subfield></datafield></record></collection>